<?xml version="1.0" encoding="UTF-8"?><record xmlns="http://www.loc.gov/MARC21/slim" xmlns:cinclude="http://apache.org/cocoon/include/1.0" xmlns:zs="http://www.loc.gov/zing/srw/">
  <leader>00339cz  a2200121n  4500</leader>
  <controlfield tag="001">nr2005019718</controlfield>
  <controlfield tag="003">DLC</controlfield>
  <controlfield tag="005">20050902033125.0</controlfield>
  <controlfield tag="008">050818n| acannaabn          |n aaa     c</controlfield>
  <datafield tag="010" ind1=" " ind2=" ">
    <subfield code="a">nr2005019718</subfield>
  </datafield>
  <datafield tag="040" ind1=" " ind2=" ">
    <subfield code="a">CtY-Mus</subfield>
    <subfield code="b">eng</subfield>
    <subfield code="c">CtY-Mus</subfield>
    <subfield code="d">CtY-Mus</subfield>
  </datafield>
  <datafield tag="100" ind1="1" ind2=" ">
    <subfield code="a">Kordt, Grete</subfield>
  </datafield>
  <datafield tag="670" ind1=" " ind2=" ">
    <subfield code="a">SchiĂ¸tz, A. Aksel SchiĂ¸tz [SR] c1997:</subfield>
    <subfield code="b">insert (Grete Kordt, piano)</subfield>
  </datafield>
</record>